@misc{bucketSort,
		title="Corwin, E. and Logar, A. Journal of Computing Sciences in Colleges.",
		year=2004
}

@misc{bitonicSort,
		title="Selim G. Akl. Bitonic Sort (англ.) // Encyclopedia of Parallel Computing",
		year=2011
}


@misc{model,
		title="М. В. Ульянов Ресурсно-эффективные компьютерные алгоритмы. Разработка и анализ.",
		year=2007
}

@misc{pancake-sort-characteristic,
	title="Классификация алгоритмов сортировки  [Электронный ресурс]",
	howpublished="Режим доступа: \url{http://dander.ru/gos/22.html} (дата обращения: 23.09.2022)"
}
