@misc{model,
		title="The Open Group Base Time [Электронный ресурс]. - URL: https://pubs.opengroup.org/onlinepubs/9699919799/basedefs/time.h.html (дата обращения: 21.10.2022)",
}

@misc{bucketSort,
		title="Погорелов, Д. А. Сравнительный анализ алгоритмов редакционного расстояния Левенштейна и Дамерау-Левенштейна / Д. А. Погорелов, А. М. Тарзанов. - Синергия Наук. - 2019. URL: https://elibrary.ru/item.asp?id=36907767 (дата обращения: 21.10.2022)",
}

@misc{bitonicSort,
		title="Ингерсолл, Г. С. Обработка неструктурированных текстов / Г. С. Ингерсолл, Т. С. Мортон, Э. Л. Фэррис. - ЛитРес, 2022",
}
