@misc{first,
		title="The Open Group Base Time [Электронный ресурс]. - URL: https://pubs.opengroup.org/onlinepubs/9699919799/basedefs/time.h.html (дата обращения: 23.10.2022)",
}

@misc{second,
		title="Алгоритм Копперсмита — Винограда [Электронный ресурс]. - URL: http://ru.math.wikia.com/wiki/Algorythm\_Coppersmita\_Vinograda (дата обращения: 23.10.2022)",
}

@misc{third,
		title="Реализация алгоритма умножения матриц по Винограду на языке Haskell. анисимов Н.С, Строганов Ю.В. [Электронный ресурс]. - URL: https://cyberleninka.ru/article/n/realizatsiya-algoritma-umnozheniya-matrits-po-vinogradu-na-yazyke-haskell/viewer) (дата обращения: 23.10.2022)",
}
